<?xml version="1.0" encoding="UTF-8"?><collection xmlns="http://www.loc.gov/MARC21/slim"><record><leader>00412nam--2200121-i-4500</leader><controlfield tag="001">000033536</controlfield><controlfield tag="002">20161230</controlfield><controlfield tag="005">20161230201039</controlfield><controlfield tag="008">060222s1000------------r-----000-0-eng-d</controlfield><datafield ind1=" " ind2=" " tag="100"><subfield code="a">Moraru, D., Rosca, V.Si Dumitrescu, D.V</subfield></datafield><datafield ind1=" " ind2=" " tag="245"><subfield code="a">Elemente de beton armat comprimate excentric. tabele pentru dimensionarea sectiunilor armate nesimetric. (stas 1546-50)</subfield></datafield><datafield ind1=" " ind2=" " tag="260"><subfield code="a">Bucuresti, Ed.Tehnica, 1956, 109p</subfield></datafield><datafield ind1=" " ind2=" " tag="852"><subfield code="a">5873</subfield></datafield></record></collection>